@ARTICLE{odinokikh_eyelids_2016,
	author       = {Odinokikh, G. and Gnatyuk, V. and Korobkin, M.},
	title        = {Method of eyelid detection on image for mobile iris recognition},
	journal      = {Machine Learning and Data Analysis},
	volume       = {2},
	pages        = {442-453},
	year         = {2016},
	language	= {english},
	hyphenation = {english}
}

@ARTICLE{odinokikh_hprec_2018,
	author       = {Odinokikh, G. and Fartukov, A. and Eremeev, V.},
	title        = {High-Performance Iris Recognition for Mobile Platforms},
	journal      = {Pattern Recognition and Image Analysis},
	volume       = {28},
	issue        = {3},
	pages        = {516-524},
	year         = {2018},
	language	= {english},
	hyphenation = {english}
}

@Book{odinokikh_patent_2017_irec_ru,
	author       = {Одиноких, Г.А.},
	title        = {Способ, Система и Устройство для Биометрического Распознавания Радужной Оболочки Глаза: номер патента RU2630742},
	year 		 = {2017},
	language	= {russian},
	hyphenation = {russian}
}

@article{odinokikh_2018,
	author={Odinokikh, G. A. and Fartukov, A. M. and Eremeev, V. A.},
	title={High-Performance Iris Recognition for Mobile Platforms},
	journal={Pattern Recognition and Image Analysis},
	year={2018},
	day={01},
	volume={28},
	number={3},
	pages={516--524},
	issn={1555-6212},
	doi={10.1134/S105466181803015X},
	url={https://doi.org/10.1134/S105466181803015X},
	language	= {english},
	hyphenation = {english}
}

@inproceedings{korobkin_odinokikh_segm_2018,
	title	= {Iris Segmentation in Challenging Conditions},
	author	= {Korobkin, M. and Odinokikh, G. and Efimov, I.},
	booktitle = {Proceedings of International Conference on Pattern Recognition and Artificial Intelligence (ICPRAI)},
	address = {Montreal, Canada},
	year	= {2018},
	pages	= {656-660},
	language	= {english},
	hyphenation = {english}
}

@inproceedings{odinokikh_antispoofing_2018,
	author	= {Odinokikh, G. and Efimov, I. and Solomatin, I.},
	booktitle = {Proceedings of International Conference on Pattern Recognition and Artificial Intelligence},
	title	= {Iris Anti-spoofing Solution for Mobile Biometric Applications},
	year	= {2018},
	pages	= {666-671},
	language	= {english},
	hyphenation = {english}
}

@article{odinokikh_2017_fvc,
	AUTHOR = {Odinokikh, G. and Fartukov, A. and Korobkin, M.},
	TITLE = {Feature Vector Construction Method for Iris Recognition},
	JOURNAL = {ISPRS - International Archives of the Photogrammetry, Remote Sensing and Spatial Information Sciences},
	VOLUME = {XLII-2/W4},
	YEAR = {2017},
	PAGES = {233--236},
	URL = {https://www.int-arch-photogramm-remote-sens-spatial-inf-sci.net/XLII-2-W4/233/2017/},
	DOI = {10.5194/isprs-archives-XLII-2-W4-233-2017},
	language	= {english},
	hyphenation = {english}
}